<record><leader>00000cas a2200000 a 4500</leader><controlfield tag="001">12660097</controlfield><controlfield tag="008">851011d19241933ksuwr ne      0    0eng d</controlfield><datafield ind1=" " ind2=" " tag="010"><subfield code="a">sn 85032758 </subfield></datafield><datafield ind1=" " ind2=" " tag="040"><subfield code="a">KSH</subfield><subfield code="b">eng</subfield><subfield code="c">KSH</subfield><subfield code="d">NPT</subfield><subfield code="d">OCL</subfield><subfield code="d">OCLCQ</subfield></datafield><datafield ind1=" " ind2=" " tag="042"><subfield code="a">msc</subfield></datafield><datafield ind1="0" ind2=" " tag="130"><subfield code="a">Geuda Springs news (Geuda Springs, Kan. : 1924)</subfield></datafield><datafield ind1="1" ind2="4" tag="245"><subfield code="a">The Geuda Springs news.</subfield></datafield><datafield ind1=" " ind2=" " tag="260"><subfield code="a">Geuda Springs, Kan. :</subfield><subfield code="b">R.C. Noyes,</subfield><subfield code="c">-1933.</subfield></datafield><datafield ind1=" " ind2=" " tag="300"><subfield code="a">v. :</subfield><subfield code="b">ill. ;</subfield><subfield code="c">51 cm.</subfield></datafield><datafield ind1=" " ind2=" " tag="310"><subfield code="a">Weekly</subfield></datafield><datafield ind1="0" ind2=" " tag="362"><subfield code="a">-v. 10, no. 25 (Aug. 24, 1933).</subfield></datafield><datafield ind1="1" ind2=" " tag="362"><subfield code="a">Began in 1924.</subfield></datafield><datafield ind1=" " ind2=" " tag="500"><subfield code="a">Publisher varies.</subfield></datafield><datafield ind1=" " ind2=" " tag="525"><subfield code="a">Supplements included.</subfield></datafield><datafield ind1=" " ind2=" " tag="588"><subfield code="a">Description based on: Vol. 1, no. 11 (May 1, 1924).</subfield></datafield><datafield ind1=" " ind2=" " tag="752"><subfield code="a">United States</subfield><subfield code="b">Kansas</subfield><subfield code="c">Sumner</subfield><subfield code="d">Geuda Springs.</subfield></datafield><datafield ind1="0" ind2="0" tag="780"><subfield code="t">Geuda Springs weekly news</subfield><subfield code="w">(DLC)sn 85032757</subfield></datafield><datafield ind1="0" ind2="7" tag="785"><subfield code="t">South Haven new era (South Haven, Kan. : 1886)</subfield><subfield code="w">(DLC)sn 85032788</subfield></datafield><datafield ind1="0" ind2="7" tag="785"><subfield code="t">South Haven new era, the Geuda Springs news</subfield><subfield code="w">(DLC)sn 85032789</subfield></datafield><datafield ind1="1" ind2=" " tag="029"><subfield code="a">AU@</subfield><subfield code="b">000022166963</subfield></datafield></record>